@Book{		  Anderson2008sea,
  Author	= {Anderson, Ross J.},
  Title		= {Security Engineering},
  Subtitle	= {A guide to building dependable distributed systems},
  Publisher	= {Wiley},
  Address	= {Indianapolis, IN},
  Year		= {2008},
  Edition	= {2},
  ISBN		= {978-0-470-06852-6 (hbk.)},
  URL		= {http://www.cl.cam.ac.uk/~rja14/book.html},
  Keywords	= {IT-s{\"a}kerhet}
}

